<record><leader>00000cas a22000007a 4500</leader><controlfield tag="001">11117880</controlfield><controlfield tag="008">840904d1872187ukyuwr ne      0    0eng d</controlfield><datafield ind1=" " ind2=" " tag="010"><subfield code="a">sn 84027425 </subfield></datafield><datafield ind1=" " ind2=" " tag="040"><subfield code="a">NPU</subfield><subfield code="b">eng</subfield><subfield code="c">NPU</subfield><subfield code="d">KNP</subfield><subfield code="d">OCLCQ</subfield></datafield><datafield ind1=" " ind2=" " tag="042"><subfield code="a">msc</subfield></datafield><datafield ind1="0" ind2="0" tag="245"><subfield code="a">Burksville courier.</subfield></datafield><datafield ind1="3" ind2="0" tag="246"><subfield code="a">Burkesville courier</subfield></datafield><datafield ind1=" " ind2=" " tag="260"><subfield code="a">Burksville, Ky. :</subfield><subfield code="b">R.P. Baker</subfield></datafield><datafield ind1=" " ind2=" " tag="300"><subfield code="a">v. ;</subfield><subfield code="c">56 cm.</subfield></datafield><datafield ind1=" " ind2=" " tag="310"><subfield code="a">Weekly</subfield></datafield><datafield ind1="1" ind2=" " tag="362"><subfield code="a">Began in 1872.</subfield><subfield code="z">Cf. Rowell, 1873.</subfield></datafield><datafield ind1=" " ind2=" " tag="500"><subfield code="a">Published every Thursday morning.</subfield></datafield><datafield ind1=" " ind2=" " tag="588"><subfield code="a">Description based on: Vol. 1, no. 22 (Apr. 3, 1873).</subfield></datafield><datafield ind1=" " ind2=" " tag="752"><subfield code="a">United States</subfield><subfield code="b">Kentucky</subfield><subfield code="c">Cumberland</subfield><subfield code="d">Burkesville.</subfield></datafield><datafield ind1="0" ind2="0" tag="785"><subfield code="t">Cumberland courier (Burksville, Ky.)</subfield><subfield code="w">(DLC)sn 84037815</subfield></datafield></record>